@inproceedings{AccessColours,
	journal = {Proceedings of the 19th International ACM SIGACCESS Conference on Computers and Accessibility},
	organization = {ASSETS '17: The 19th International ACM SIGACCESS Conference on Computers and Accessibility},
	doi = {10.1145/3132525.3132546},
	publisher = {ACM},
	title = {Good Background Colors for Readers},
	url = {http://dx.doi.org/10.1145/3132525.3132546},
	author = {Rello, Luz and Bigham, Jeffrey P.},
	date = {2017-10-19},
	year = {2017},
	month = {10},
	day = {19},
}

